@book{gpml,
  author = {C. E. Rasmussen and C. K. I. Williams},
  title = {{Gaussian Processes for Machine Learning}},
  series = {Adaptive Computation and Machine Learning},
  year = {2006},
  publisher = {The {\scshape mit} Press},
  address = {Cambridge, {\scshape ma}, {\scshape usa}}
}

@article{williamsbarber,
  title = {{Bayesian classification with Gaussian processes}},
  author = {Williams, C. K. I. and Barber, D.},
  journal = {\textsc{ieee} Transactions on Pattern Analysis and Machine Intelligence},
  volume = {20},
  number = {12},
  pages = {1342--1351},
  year={1998}
}

@inproceedings{adams,
  title = {{Tractable nonparametric Bayesian inference in Poisson processes with Gaussian process intensities}},
  author = {Adams, R. P. and Murray, I. and MacKay, D. J. C.},
  booktitle = {Proceedings of the 26th Annual International Conference on Machine Learning \emph{(\textsc{icml} 2009)}},
  pages = {9--16},
  year = {2009}
}

@phdthesis{minka,
  title = {{A family of algorithms for approximate Bayesian inference}},
  author = {Minka, T. P.},
  year = {2001},
  school = {Massachusetts Institute of Technology}
}

@article{ghosh,
  title = {{Posterior consistency of logistic Gaussian process priors in density estimation}},
  author = {Tokdar, S. T. and Ghosh, J. K.},
  journal = {Journal of Statistical Planning and Inference},
  volume = {137},
  number = {1},
  pages = {34--42},
  year = {2007}
}

@article{jarrett,
  title = {A note on the intervals between coal-mining disasters},
  author = {Jarrett, R. G.},
  journal = {Biometrika},
  volume = {66},
  number = {1},
  pages = {191--193},
  year = {1979},
  publisher = {Biometrika Trust}
}

@article{moller,
  title = {{Log Gaussian Cox processes}},
  author = {M{\o}ller, J. and Syversveen, A. R. and Waagepetersen, R. P.},
  journal = {Scandinavian Journal of Statistics},
  volume = {25},
  number = {3},
  pages = {451--482},
  year = {1998}
}